
@article{Luedeling2016,
   author = {Luedeling, E. and Shepherd, K.},
   title = {Decision-focused agricultural research},
   journal = {Solutions},
   volume = {7},
   number = {5},
   pages = {46-54},
   year = {2016},
   type = {Journal Article},
   url = {https://www.thesolutionsjournal.com/article/decision-focused-agricultural-research/}
}


@article{Lanzanova2019,
  doi = {10.1016/j.envsoft.2019.01.016},
  url = {https://doi.org/10.1016/j.envsoft.2019.01.016},
  year = {2019},
  month = may,
  publisher = {Elsevier {BV}},
  volume = {115},
  pages = {164--175},
  author = {Denis Lanzanova and Cory Whitney and Keith Shepherd and Eike Luedeling},
  title = {Improving development efficiency through decision analysis: Reservoir protection in Burkina Faso},
  journal = {Environmental Modelling {\&} Software}
}
