% This file was created with JabRef 2.10b2.
% Encoding: UTF-8


@Book{Bauer1992,
  Title                    = {Ma√ü- und Integrationstheorie},
  Author                   = {Heinz Bauer},
  Publisher                = {de Gruyter},
  Year                     = {1992},

  Address                  = {Berlin; New York},
  Edition                  = {$2^{nd}$},

  Owner                    = {goehring},
  Timestamp                = {2015.03.02}
}

@Book{GravelleRees2004,
  Title                    = {Microeconomics},
  Author                   = {Hugh Gravelle and Ray Rees},
  Publisher                = {Pearson Education Limited},
  Year                     = {2004},
  Edition                  = {$3^{rd}$},

  Owner                    = {goehring},
  Timestamp                = {2013.05.03}
}

@Book{Hubbard2014,
  Title                    = {How to Measure Anything? - Finding the Value of "Intangibles" in Business},
  Author                   = {Hubbard, Douglas W.},
  Publisher                = {John Wiley \& Sons},
  Year                     = {2014},

  Address                  = {Hoboken, New Jersey},
  Edition                  = {$3^{rd}$},

  Owner                    = {goehring},
  Timestamp                = {2015.02.27}
}

@TechReport{JeffreyPannell2013,
  Title                    = {Economics of Prioritising Environmental Research: An Expected Value of Partial Perfect Information (EVPPI) Framework},
  Author                   = {Scott R. Jeffrey and David J Pannell},
  Institution              = {School of Agricultural and Resource Economics, University of Western Australia},
  Year                     = {2013},
  Type                     = {Working Paper},

  Owner                    = {goehring},
  Timestamp                = {2015.03.09},
  Url                      = {http://purl.umn.edu/144944}
}

