
@article{Luedeling2016,
   author = {Luedeling, E. and Shepherd, K.},
   title = {Decision-focused agricultural research},
   journal = {Solutions},
   volume = {7},
   number = {5},
   pages = {46-54},
   year = {2016},
   type = {Journal Article},
   url = {https://apps.worldagroforestry.org/downloads/Publications/PDFS/JA16154.pdf}
}


@article{Lanzanova2019,
  doi = {10.1016/j.envsoft.2019.01.016},
  url = {https://doi.org/10.1016/j.envsoft.2019.01.016},
  year = {2019},
  month = may,
  publisher = {Elsevier {BV}},
  volume = {115},
  pages = {164--175},
  author = {Denis Lanzanova and Cory Whitney and Keith Shepherd and Eike Luedeling},
  title = {Improving development efficiency through decision analysis: Reservoir protection in Burkina Faso},
  journal = {Environmental Modelling {\&} Software}
}


@article{Whitney2017,
	title = {Homegardens and the future of food and nutrition security in southwest {Uganda}},
	volume = {154},
	copyright = {All rights reserved},
	doi = {10.1016/j.agsy.2017.03.009},
	journal = {Agricultural Systems},
	author = {Whitney, Cory and Tabuti, John R. S. and Hensel, Oliver and Yeh, Ching-Hua and Gebauer, Jens and Luedeling, Eike},
	year = {2017},
	pages = {133--144}
}



